%% This BibTeX bibliography file was created using BibDesk.
%% https://bibdesk.sourceforge.io/

%% Created for Jean Fasel at 2023-11-30 13:31:06 +0100 


%% Saved with string encoding Unicode (UTF-8) 

@misc{nlab:geometry_of_physics,
  author = {{nLab authors}},
  title = {geometry of physics},
  howpublished = {\url{https://ncatlab.org/nlab/show/geometry+of+physics}},
  note = {\href{https://ncatlab.org/nlab/revision/geometry+of+physics/201}{Revision 201}},
  month = sep,
  year = 2025
}
@misc{nlab:geometry_of_physics_--_categories_and_toposes,
  author = {{nLab authors}},
  title = {geometry of physics -- categories and toposes},
  howpublished = {\url{https://ncatlab.org/nlab/show/geometry+of+physics+--+categories+and+toposes}},
  note = {\href{https://ncatlab.org/nlab/revision/geometry+of+physics+--+categories+and+toposes/128}{Revision 128}},
  month = sep,
  year = 2025
}
@book{maclane2012sheaves,
  title={Sheaves in geometry and logic: A first introduction to topos theory},
  author={MacLane, Saunders and Moerdijk, Ieke},
  year={2012},
  publisher={Springer Science \& Business Media}
}
